%https://ocs.yale.edu/sites/default/files/files/2016_Resume_Action_Verbs.pdf

%https://www.themuse.com/advice/185-powerful-verbs-that-will-make-your-resume-awesome

@patent{park20183d,
  title={3D semiconductor memory device and manufacturing method thereof},
  author={Park, In Su and Lee, Ki Hong and Cheon, Hye Jeong},
  year={2018},
  month=jan # "~2",
  publisher={Google Patents},
  note={US Patent 9,859,299}
}

@article{ekc2018,
  title={Monte Carlo simulation of self-assembled nanogel: study of hydrophobic interaction between polymers},
  author={Cheon, Hye Jeong},
  year={2018},
  month=aug # "~2",
  publisher={Europe-Korea Conference on Science and Technology 2018},
  %note={US Patent 9,859,299}
}

@article{inascon2018,
  title={Monte Carlo simulation of Halloysite nanotube},
  author={Cheon, Hye Jeong},
  year={2018},
  month=aug # "~2",
  publisher={International Nanoscience Student Conference 2018},
  %note={US Patent 9,859,299}
}

\iffalse
@ARTICLE{Meyer2000,
AUTHOR={Bernd Meyer},
TITLE={A constraint-based framework for diagrammatic reasoning},
JOURNAL={Applied Artificial Intelligence},
VOLUME= {14},
ISSUE = {4},
PAGES= {327--344},
YEAR={2000}
}

@ARTICLE{Codishetal2000,
AUTHOR={M. Codish and K. Marriott and C.K. Taboch},
TITLE={Improving program analyses by structure untupling},
JOURNAL={Journal of Logic Programming},
VOLUME= {43},
ISSUE = {3},
PAGES= {251--263},
YEAR={2000}
}

@inproceedings{Huetal2000,
author = {J. Hu and H.R. Wu and A. Jennings and X. Wang},
title = {Fast and robust equalization: A case study},
booktitle = {Proceedings of the World Multiconference on Systemics, Cybernetics and Informatics, (SCI 2000), Florida, USA, 23-26 July 2000},
publisher = {International Institute of Informatics and Systemics},
address = {FL, USA},
pages = {398--403},
year = {2000}
}

@Book{Conway2000,
author = {Damian Conway},
title = {Object {O}riented {P}erl: {A} comprehensive guide to concepts and programming techniques},
publisher = {Manning Publications Co.},
year = {2000},
address = {Connecticut, USA}
}

@inproceedings{zou2013bilingual,
  title={Bilingual Word Embeddings for Phrase-Based Machine Translation.},
  author={Zou, Will Y and Socher, Richard and Cer, Daniel M and Manning, Christopher D},
  booktitle={EMNLP},
  pages={1393--1398},
  year={2013}
}
\fi